
@article{layer-normalization,
  author = {Jimmy Lei Ba and Jamie Ryan Kiros and Geoffrey E. Hinton},
  title = {Layer Normalization},
  journal = {ArXiv e-prints},
  archivePrefix = "arXiv",
  eprint = {1607.06450},
  primaryClass = "stat.ML",
  keywords = {Statistics - Machine Learning, Computer Science - Learning},
  pages = {14 pp., 14 pp.},
  year = {2016},
  month = jul,
  url = {https://arxiv.org/abs/1607.06450}
}

@article{batch-normalization,
  author = {Sergey Ioffe and Christian Szegedy},
  title = {Batch Normalization: Accelerating deep network training by reducing internal covariate shift},
  publisher = {International Machine Learning Society (IMLS)},
  journal = {32nd International Conference on Machine Learning, Icml 2015},
  volume = {1},
  pages = {448-456},
  year = {2015},
  isbn = {9781510810587},
  url = {https://arxiv.org/abs/1502.03167}
}

@article{residual-learning,
  author = {Kaiming He and Xiangyu Zhang and Shaoqing Ren and Jian Sun},
  title = {Deep residual learning for image recognition},
  publisher = {IEEE Computer Society},
  journal = {Proceedings of the Ieee Computer Society Conference on Computer Vision and Pattern Recognition},
  volume = {2016-},
  pages = {770-778},
  year = {2016},
  issn = {2332564x, 10636919},
  isbn = {9781467388511},
  url = {https://arxiv.org/abs/1512.03385}
}


@book{bishop,
  title={Pattern Recongnition and Machine Learning},
  author={Christopher M. Bishop},
  isbn={9780387310732},
  year={2009},
  publisher={Springer}
}

@book{the-elements-of-statistical-learning,
  title={The Elements of Statistical Learning: Data Mining, Inference, and Prediction},
  author={Trevor Hastie and Robert Tibshirani and Jerome Friedman},
  isbn={9780387848587},
  series={Springer series in statistics},
  url={http://statweb.stanford.edu/~tibs/ElemStatLearn/},
  year={2009},
  publisher={Springer}
}